<?xml version="1.0" encoding="UTF-8"?><collection xmlns="http://www.loc.gov/MARC21/slim"><record><leader>00421nam--2200157-i-4500</leader><controlfield tag="001">000017322</controlfield><controlfield tag="002">20161230</controlfield><controlfield tag="005">20170108211716</controlfield><controlfield tag="008">060222s1000------------r-----000-0-eng-d</controlfield><datafield ind1=" " ind2=" " tag="080"><subfield code="a">53O.145.61: 530.182</subfield></datafield><datafield ind1=" " ind2=" " tag="100"><subfield code="a">Abdullaev, Fatkhulla</subfield></datafield><datafield ind1=" " ind2=" " tag="245"><subfield code="a">Theory of solitons in inhomogeneous media</subfield></datafield><datafield ind1=" " ind2=" " tag="260"><subfield code="a">Chichester</subfield><subfield code="b">John Wiley And Sons</subfield><subfield code="c">1994</subfield></datafield><datafield ind1=" " ind2=" " tag="300"><subfield code="a">IX + 182 p</subfield></datafield><datafield ind1=" " ind2=" " tag="852"><subfield code="a">80268</subfield></datafield><datafield ind1=" " ind2=" " tag="CAT"><subfield code="a">SYS</subfield><subfield code="c">20170108</subfield><subfield code="h">211716</subfield></datafield></record></collection>